@TechReport{5403219,
  author      = "",
  title       = "{SPARQL} 1.1 Overview",
  month       = mar,
  note        = "http://www.w3.org/TR/2013/REC-sparql11-overview-20130321/",
  year        = "2013",
  bibsource   = "http://w2.syronex.com/jmr/w3c-biblio",
  type        = "{W3C} Recommendation",
  institution = "W3C",
}