@TechReport{Parsia12,
  author      = "Bijan Parsia and Sebastian Rudolph and Markus Kr{\"{o}}tzsch and Peter Patel-Schneider and Pascal Hitzler",
  title       = "{OWL} 2 Web Ontology Language Primer (Second Edition)",
  month       = dec,
  note        = "http://www.w3.org/TR/2012/REC-owl2-primer-20121211/",
  year        = "2012",
  bibsource   = "http://w2.syronex.com/jmr/w3c-biblio",
  type        = "",
  institution = "W3C",
}

@TechReport{Motik12,
  author      = "Boris Motik and Peter Patel-Schneider and Bijan Parsia",
  title       = "{OWL} 2 Web Ontology Language Structural Specification and Functional-Style Syntax (Second Edition)",
  month       = dec,
  note        = "http://www.w3.org/TR/2012/REC-owl2-syntax-20121211/",
  year        = "2012",
  bibsource   = "http://w2.syronex.com/jmr/w3c-biblio",
  type        = "{W3C} Recommendation",
  institution = "W3C",
}

@TechReport{McGuinness04,
  author      = "Deborah McGuinness and Christopher Welty",
  title       = "{OWL} Web Ontology Language Guide",
  month       = feb,
  note        = "http://www.w3.org/TR/2004/REC-owl-guide-20040210/",
  year        = "2004",
  bibsource   = "http://w2.syronex.com/jmr/w3c-biblio",
  type        = "{W3C} Recommendation",
  institution = "W3C",
}

@TechReport{Parsia12,
  author      = "Bijan Parsia and Sebastian Rudolph and Markus Kr{\"{o}}tzsch and Peter Patel-Schneider and Pascal Hitzler",
  title       = "{OWL} 2 Web Ontology Language Primer (Second Edition)",
  month       = dec,
  note        = "http://www.w3.org/TR/2012/REC-owl2-primer-20121211/",
  year        = "2012",
  bibsource   = "http://w2.syronex.com/jmr/w3c-biblio",
  type        = "",
  institution = "W3C",
}